<record><leader>00000cas a22000007a 4500</leader><controlfield tag="001">20708995</controlfield><controlfield tag="008">891129d19081920mdudn ne      0   a0eng d</controlfield><datafield ind1=" " ind2=" " tag="010"><subfield code="a">sn 89060345 </subfield></datafield><datafield ind1=" " ind2=" " tag="040"><subfield code="a">MFN</subfield><subfield code="b">eng</subfield><subfield code="c">MFN</subfield><subfield code="d">OCLCQ</subfield><subfield code="d">DLC</subfield></datafield><datafield ind1="0" ind2=" " tag="022"><subfield code="a">2332-9610</subfield><subfield code="2">1</subfield></datafield><datafield ind1=" " ind2=" " tag="042"><subfield code="a">msc</subfield><subfield code="a">nsdp</subfield></datafield><datafield ind1="1" ind2="0" tag="050"><subfield code="a">ISSN RECORD</subfield></datafield><datafield ind1="1" ind2="0" tag="082"><subfield code="a">071</subfield><subfield code="2">23</subfield></datafield><datafield ind1="0" ind2=" " tag="130"><subfield code="a">Star (Baltimore, Md. : 1908)</subfield></datafield><datafield ind1=" " ind2="4" tag="222"><subfield code="a">The star</subfield><subfield code="b">(Baltimore, Md.  1908)</subfield></datafield><datafield ind1="1" ind2="4" tag="245"><subfield code="a">The star.</subfield></datafield><datafield ind1="1" ind2="3" tag="246"><subfield code="a">American star</subfield></datafield><datafield ind1="1" ind2="7" tag="246"><subfield code="a">Baltimore star</subfield></datafield><datafield ind1=" " ind2=" " tag="260"><subfield code="a">Baltimore, Md. :</subfield><subfield code="b">C.C. Fulton &amp; Co.</subfield></datafield><datafield ind1=" " ind2=" " tag="300"><subfield code="a">v.</subfield></datafield><datafield ind1=" " ind2=" " tag="310"><subfield code="a">Daily (except Sun.)</subfield></datafield><datafield ind1="0" ind2=" " tag="362"><subfield code="a">Vol. 1, no. 79 (Nov. 16, 1908)-v. 25, no. 91 (Nov. 30, 1920).</subfield></datafield><datafield ind1=" " ind2=" " tag="500"><subfield code="a">Issues in various editions daily.</subfield></datafield><datafield ind1=" " ind2=" " tag="752"><subfield code="a">United States</subfield><subfield code="b">Maryland</subfield><subfield code="d">Baltimore.</subfield></datafield><datafield ind1="0" ind2="0" tag="780"><subfield code="t">American star (Baltimore, Md.)</subfield><subfield code="x">2332-9602</subfield><subfield code="w">(DLC)sn 89060344</subfield><subfield code="w">(OCoLC)20708987</subfield></datafield><datafield ind1="0" ind2="4" tag="785"><subfield code="t">Baltimore news</subfield><subfield code="x">2332-9599</subfield><subfield code="w">(DLC)sn 83016641</subfield><subfield code="w">(OCoLC)9960179</subfield></datafield></record>